# Add bib references objects below
@misc{sklearn_AgglomerativeClustering,
  author  = {Sklearn},
  url     = {https://scikit-learn.org/stable/modules/generated/sklearn.cluster.AgglomerativeClustering.html},
  title   = {Agglomerative Clustering},
  year    = {2024},
  urldate = {2024-10-06}
}