

# Add bib references objects below


@article{johnson1999phylogeny,
  title={Phylogeny and biogeography of dabbling ducks (genus: Anas): a comparison of molecular and morphological evidence},
  author={Johnson, Kevin P and Sorenson, Michael D},
  journal={The Auk},
  volume={116},
  number={3},
  pages={792--805},
  year={1999},
  publisher={Oxford University Press}
}