# Add bib references objects below


@article{porter1980algorithm,
  title     = {An algorithm for suffix stripping},
  author    = {Porter, Martin F.},
  journal   = {Program},
  volume    = {14},
  number    = {3},
  pages     = {313 -316},
  year      = {1980},
  publisher = {MCB UP Ltd}
}


@book{aggarwal2015data,
  title     = {Data Mining: The Textbook},
  author    = {Aggarwal, Charu C.},
  year      = {2015},
  publisher = {Springer}
}
